%% This BibTeX bibliography file was created using BibDesk.
%% http://bibdesk.sourceforge.net/


%% Created for mai at 2017-11-30 20:35:10 +0700 


%% Saved with string encoding Unicode (UTF-8) 



@book{TG85,
	Author = {S. P. Timoshenko and J. N. Goodier},
	Date-Added = {2017-11-30 13:31:40 +0000},
	Date-Modified = {2017-11-30 13:32:25 +0000},
	Publisher = {McGraw-Hill, New York},
	Title = {Theory of Elasticity},
	Year = {1985}}

@book{Sad05,
	Author = {M.H. Sadd},
	Date-Added = {2017-11-30 13:29:41 +0000},
	Date-Modified = {2017-11-30 13:30:44 +0000},
	Publisher = {Amsterdam: Elsevier Butterworth Heinemann},
	Title = {Elasticity: Theory, Application and Numerics},
	Year = {2005}}

@article{LLW03,
	Author = {Z. Li and T. Lin and X. Wu},
	Date-Added = {2017-11-30 13:24:19 +0000},
	Date-Modified = {2017-11-30 13:26:26 +0000},
	Journal = {Numer. Math.},
	Pages = {61-98},
	Title = {New Cartesian grid methods for interface problem using finite element formulation.},
	Volume = {96},
	Year = {2003}}

@article{GLL08,
	Author = {Y. Gong and B. Li and and Z. Li},
	Date-Added = {2017-11-30 13:23:49 +0000},
	Date-Modified = {2017-11-30 13:29:05 +0000},
	Journal = {SIAM J. Numer. Anal.},
	Pages = {472--495},
	Title = {Immersed-interface finite-element methods for elliptic interface problems with non-homogeneous jump conditions},
	Volume = {46},
	Year = {2008}}

@article{XILT08,
	Author = {H. Xie and K. Ito and Z. Li and J. Toivanen},
	Date-Added = {2017-11-30 13:21:18 +0000},
	Date-Modified = {2017-11-30 13:23:06 +0000},
	Journal = {Contemporary Mathematics},
	Pages = {179-190},
	Title = {A finite element method for interface problems with locally modified triangulation.},
	Volume = {466},
	Year = {2008}}

@article{Bor90,
	Author = {C. Borgers},
	Date-Added = {2017-11-30 13:16:25 +0000},
	Date-Modified = {2017-11-30 13:18:10 +0000},
	Journal = {SIAM J. Numer. Anal.},
	Pages = {1187--1196},
	Title = {A triangulation algorithm for fast elliptic solvers based on domain imbedding},
	Volume = {27},
	Year = {1990}}

@article{Yu86,
	Author = {D. Yu},
	Date-Added = {2017-11-30 13:13:52 +0000},
	Date-Modified = {2017-11-30 13:15:14 +0000},
	Journal = {J. Comp. Math.},
	Pages = {200-211},
	Title = {A system of plane elasticity canonical integral equations and its application},
	Volume = {4},
	Year = {1986}}
	
@article{HUI-2011,
	Author = {HUI XIE and ZHILIN LI and AND ZHONGHUA QIAO},
	Date-Added = {2017-11-30 13:13:52 +0000},
	Date-Modified = {2017-11-30 13:15:14 +0000},
	Journal = {International Journal Of Numerical Analysis And Modeling},
	Number = 2,
	Pages = {189-200},
	Title = {A Finite Element Method For Elasticity Interface Problems With Locally Modified Triangulations},
	Volume = {8},
	Year = {2011}}

@article{FS96,
	Author = {K. Feng and Z. Shi},
	Date-Added = {2017-11-30 13:11:38 +0000},
	Date-Modified = {2017-11-30 13:12:46 +0000},
	Journal = {Science Press},
	Title = {Mathematical theory of elastic structures},
	Year = {1996}}

@book{TIT-07,
	Author = {
		\begin{otherlanguage}{vietnamese}
		Trần Ích Thịnh and Ngô Như Khoa
		\end{otherlanguage}
	},
	Date-Added = {2017-11-30 13:25:41 +0000},
	Date-Modified = {2017-11-30 13:35:44 +0000},
	Publisher = {
		\begin{otherlanguage}{vietnamese}
		Hà Nội
		\end{otherlanguage}
	},
	Title = {		
		\begin{otherlanguage}{vietnamese}
		Phương pháp phần tử hữu hạn
		\end{otherlanguage}
	},
	Year = {2007}}
	
@book{LAX-1994,
	Author = {Stig Larsson and Vidar Thomée},
	Date-Added = {2017-11-30 13:25:41 +0000},
	Date-Modified = {2017-11-30 13:35:44 +0000},
	Publisher = {Springer},
	Title = {The mathematical theory of finite element methods. Texts in Applied
Mathematics},
	Year = {2009}}
	
@book{LAX-1987,
	Author = {P. G Ciarlet},
	Date-Added = {2017-11-30 13:25:41 +0000},
	Date-Modified = {2017-11-30 13:35:44 +0000},
	Publisher = { Amsterdam: North-Holland},
	Title = {The finite element method for elliptic problems},
	Year = {1987}}
	
@article{Koko-2007,
	Author = {Jonas Koko},
	Journal = {Scientific Programming},
	Pages = {157--172},
	Title = {Vectorized Matlab codes for linear two-dimensional elasticity},
	Volume = {15},
	Year = {2007}}

@article{ABF97,
	Author = {G. Allaire and E. Bonnetier and G. Francfort and F. Jouve},
	Date-Added = {2017-11-28 02:53:18 +0000},
	Date-Modified = {2017-11-28 02:53:18 +0000},
	Journal = {Numer. Math.},
	Pages = {27-68},
	Title = {Shape optimization by the homogenization method},
	Volume = {76},
	Year = {1997}}

@article{AJT04,
	Author = {G. Allaire and F. Jouve and A.M. Toader},
	Date-Added = {2017-11-28 02:45:22 +0000},
	Date-Modified = {2017-11-28 02:45:22 +0000},
	Journal = {Journal of Computational Physics},
	Pages = {363-393},
	Title = {Structural optimization using shape sensitivity analysis and a level-set method},
	Volume = {194},
	Year = {2004},
	Bdsk-File-1 = {YnBsaXN0MDDUAQIDBAUGJCVYJHZlcnNpb25YJG9iamVjdHNZJGFyY2hpdmVyVCR0b3ASAAGGoKgHCBMUFRYaIVUkbnVsbNMJCgsMDxJXTlMua2V5c1pOUy5vYmplY3RzViRjbGFzc6INDoACgAOiEBGABIAFgAdccmVsYXRpdmVQYXRoWWFsaWFzRGF0YV8QNC4uLy4uL3JlZmVyZW5jZS9TaGFwZU9wdGltaXphdGlvbi9BSlQwNF9MZXZlbHNldC5wZGbSFwsYGVdOUy5kYXRhTxEBugAAAAABugACAAAMTWFjaW50b3NoIEhEAAAAAAAAAAAAAAAAAAAAyMOMJ0grAAAB5UkfEkFKVDA0X0xldmVsc2V0LnBkZgAAAAAAAAAAAAAAAAAAAAAAAAAAAAAAAAAAAAAAAAAAAAAAAAAAAAAAAAAAAAHskM7PFs07UERGIENBUk8AAgADAAAJIAAAAAAAAAAAAAAAAAAAABFTaGFwZU9wdGltaXphdGlvbgAAEAAIAADIwym3AAAAEQAIAADPFmrLAAAAAQAQAeVJHwFmFO4BUg2aAACWQgACAElNYWNpbnRvc2ggSEQ6VXNlcnM6AG1haToAcmVmZXJlbmNlOgBTaGFwZU9wdGltaXphdGlvbjoAQUpUMDRfTGV2ZWxzZXQucGRmAAAOACYAEgBBAEoAVAAwADQAXwBMAGUAdgBlAGwAcwBlAHQALgBwAGQAZgAPABoADABNAGEAYwBpAG4AdABvAHMAaAAgAEgARAASADhVc2Vycy9tYWkvcmVmZXJlbmNlL1NoYXBlT3B0aW1pemF0aW9uL0FKVDA0X0xldmVsc2V0LnBkZgATAAEvAAAVAAIACv//AACABtIbHB0eWiRjbGFzc25hbWVYJGNsYXNzZXNdTlNNdXRhYmxlRGF0YaMdHyBWTlNEYXRhWE5TT2JqZWN00hscIiNcTlNEaWN0aW9uYXJ5oiIgXxAPTlNLZXllZEFyY2hpdmVy0SYnVHJvb3SAAQAIABEAGgAjAC0AMgA3AEAARgBNAFUAYABnAGoAbABuAHEAcwB1AHcAhACOAMUAygDSApACkgKXAqICqwK5Ar0CxALNAtIC3wLiAvQC9wL8AAAAAAAAAgEAAAAAAAAAKAAAAAAAAAAAAAAAAAAAAv4=}}

@article{OshSet-1988,
	Author = {S. Osher and J. A. Sethian},
	Journal = {J. Comput. Phys.},
	Keywords = {equation!hamilton jacobi,equation!hyperbolic!transport,model!interface,method!level set},
	Number = 12,
	Title = {Front propaging with curvature-dependent speed: agorithms based on {H}amilton-{J}acobi formulations},
	Url = {http://citeseerx.ist.psu.edu/viewdoc/download?doi=10.1.1.46.1266&rep=rep1&type=pdf},
	Volume = 79,
	Year = 1988,
	Bdsk-Url-1 = {http://citeseerx.ist.psu.edu/viewdoc/download?doi=10.1.1.46.1266&rep=rep1&type=pdf}}

@book{Set-1999,
	Address = {UK},
	Author = {Sethian, J.},
	Keywords = {method!level set},
	Publisher = {Cambridge University Press},
	Title = {Level set methods and fast marching methods},
	Url = {http://f3.tiera.ru/2/M_Mathematics/MN_Numerical%20methods/Sethian%20J.%20Level%20set%20methods%20and%20fast%20marching%20methods%20(CUP,%201999)(ISBN%200521645573)(K)(T)(200dpi)(399s)_MN_.djvu},
	Year = 1999,
	Bdsk-Url-1 = {http://f3.tiera.ru/2/M_Mathematics/MN_Numerical%20methods/Sethian%20J.%20Level%20set%20methods%20and%20fast%20marching%20methods%20(CUP,%201999)(ISBN%200521645573)(K)(T)(200dpi)(399s)_MN_.djvu}}

@article{SusFat-1999,
	Author = {M. Sussman and E. Fatemi},
	Journal = {SIAM J. Sci. Comput},
	Keywords = {method!level set, equation!hamilton jacobi!eikonal!evolution, method!discrete mass conservation, model!capillary, test case!zalesak, test case!drop!rising, test case!drop!merging},
	Number = 4,
	Pages = {1165--1191},
	Title = {An efficient, interface preserving level set re-distancing algorithm and its application to interfacial incompressible fluid flow},
	Volume = 20,
	Year = 1999}

@article{LaaSarMis-2010,
	Author = {A. Laadhari and P. Saramito and C. Misbah},
	Journal = {C. R. Acad. Sci. Paris, ser. I},
	Keywords = {method!level set,equation!hamilton jacobi!eikonal!evolution, method!discrete mass conservation, test case!zalesak, software!fem!rheolef},
	Pages = {535--540},
	Title = {Improving the mass conservation of the level set method},
	Url = {http://www-ljk.imag.fr/membres/Pierre.Saramito/cr2009.pdf},
	Volume = 348,
	Year = 2010,
	Bdsk-Url-1 = {http://www-ljk.imag.fr/membres/Pierre.Saramito/cr2009.pdf}}

@article{LaaSarMis-2014,
	Author = {A. Laadhari and P. Saramito and C. Misbah},
	Journal = {J. Comput. Phys.},
	Keywords = {material!vesicle!dynamic, model!helfrich, model!instability, method!level set, method!discrete mass conservation, software!fem!rheolef},
	Pages = {328--352},
	Title = {Computing the dynamics of biomembranes by combining conservative level set and adaptive finite element methods},
	Url = {http://www-ljk.imag.fr/membres/Pierre.Saramito/dynamique.pdf},
	Volume = 263,
	Year = 2014,
	Bdsk-Url-1 = {http://www-ljk.imag.fr/membres/Pierre.Saramito/dynamique.pdf}}

@article{PieForPar-2006,
	Author = {Di Pietro, D. A. and Lo Forte, S. and N. Parolini},
	Journal = {Appl. Numer. Math.},
	Keywords = {method!level set, method!fem, method!discrete mass conservation, test case!zalesak, method!discontinuous, method!adapt},
	Number = 9,
	Pages = {1179--1195},
	Title = {Mass preserving finite element implementations of the level set method},
	Volume = 56,
	Year = 2006}

@article{MarRemChe-2006,
	Author = {E. Marchandise and J.-F. Remacle},
	Journal = {J. Comput. Phys.},
	Keywords = {method!level set, method!adapt, method!fem, method!discontinuous, test case!zalesak, method!quadrature formulae, method!discrete mass conservation},
	Pages = {338--357},
	Title = {A quadrature-free discontinuous {Galerkin} method for the level set equations},
	Volume = 212,
	Year = 2006}

@book{Sar-rheolef2-dg,
	Author = {P. Saramito},
	Keywords = {software!fem!rheolef, method!fem, method!discontinuous},
	Note = {\url{http://cel.archives-ouvertes.fr/cel-00863021}},
	Publisher = {CNRS and LJK},
	Title = {Efficient {C++} finite element computing with {Rheolef}: volume 2: discontinuous Galerkin methods},
	Url = {http://cel.archives-ouvertes.fr/cel-00863021},
	Year = 2013,
	Bdsk-Url-1 = {http://cel.archives-ouvertes.fr/cel-00863021}}

@book{PieErn-2012,
	Author = {di Pietro, D. A. and A. Ern},
	Keywords = {method!discontinuous, method!fem, equation!diffusion convection, equation!hyperbolic, method!runge kutta!ssp, method!high time order, equation!hyperbolic!transport, equation!hyperbolic!burgers!non-viscous, method!upwinding!limiter, model!navier-stokes},
	Publisher = {Springer},
	Title = {Mathematical aspects of discontinuous {Galerkin} methods},
	Url = {http://f3.tiera.ru/2/M_Mathematics/MN_Numerical%20methods/MNd_Numerical%20calculus/Di%20Pietro%20D.A.,%20Ern%20A.%20Mathematical%20aspects%20of%20discontinuous%20Galerkin%20methods%20(Springer,%202011)(ISBN%209783642229794)(O)(391s)_MNd_.pdf},
	Year = 2012,
	Bdsk-Url-1 = {http://f3.tiera.ru/2/M_Mathematics/MN_Numerical%20methods/MNd_Numerical%20calculus/Di%20Pietro%20D.A.,%20Ern%20A.%20Mathematical%20aspects%20of%20discontinuous%20Galerkin%20methods%20(Springer,%202011)(ISBN%209783642229794)(O)(391s)_MNd_.pdf}}

@article{GotShuTad-2001,
	Author = {Gottlieb, S. and Shu, Chi-W. and Tadmor, E.},
	Journal = {SIAM review},
	Keywords = {method!runge kutta!ssp, method!high time order, equation!hyperbolic, equation!hyperbolic!burgers!non-viscous, equation!hyperbolic!transport},
	Number = {1},
	Pages = {89--112},
	Title = {Strong stability-preserving high-order time discretization methods},
	Url = {http://people.cs.vt.edu/~asandu/Public/Qual2011/DiffEqn/Gottlieb_2001_SSP.pdf},
	Volume = {43},
	Year = {2001},
	Bdsk-Url-1 = {http://people.cs.vt.edu/~asandu/Public/Qual2011/DiffEqn/Gottlieb_2001_SSP.pdf}}

@book{SulMay-2003,
	Address = {UK},
	Author = {E. S\"uli and D. F. Mayers},
	Keywords = {method!high time order!bdf, document!lecture note},
	Publisher = {Cambridge University Press},
	Title = {An introduction to numerical analysis},
	Url = {http://store-k.free-college.org/noleech1.php?hidden=%2F164000%2Fec09f91bee5556ecbc4211a08fde3c1d&hidden0=Endre+S%C3%BCli%2C+David+F.+Mayers+An+introduction+to+numerical+analysis.pdf&submit=+GET%21+},
	Year = 2003,
	Bdsk-Url-1 = {http://store-k.free-college.org/noleech1.php?hidden=%2F164000%2Fec09f91bee5556ecbc4211a08fde3c1d&hidden0=Endre+S%C3%BCli%2C+David+F.+Mayers+An+introduction+to+numerical+analysis.pdf&submit=+GET%21+}}

@book{Sar-rheolef,
	Author = {P. Saramito},
	Keywords = {software!fem!rheolef, method!fem},
	Note = {\url{http://cel.archives-ouvertes.fr/cel-00573970}},
	Publisher = {CNRS and LJK},
	Title = {Efficient {C++} finite element computing with {Rheolef}},
	Url = {http://cel.archives-ouvertes.fr/cel-00573970},
	Year = 2013,
	Bdsk-Url-1 = {http://cel.archives-ouvertes.fr/cel-00573970}}

@article{Zal-1979,
	Author = {Zalesak, S. T.},
	Journal = {J. Comput. Phys.},
	Keywords = {test case!zalesak, equation!hyperbolic!euler, equation!hyperbolic!transport},
	Number = {3},
	Pages = {335--362},
	Title = {Fully multidimensional flux-corrected transport algorithms for fluids},
	Url = {http://rsmas.miami.edu/personal/miskandarani/Courses/MPO662/Zalesak/FCT-JCPv31.pdf},
	Volume = {31},
	Year = {1979},
	Bdsk-Url-1 = {http://rsmas.miami.edu/personal/miskandarani/Courses/MPO662/Zalesak/FCT-JCPv31.pdf}}

@article{Lev-1996,
	Author = {LeVeque, R. J.},
	Journal = {SIAM J. Numer. Anal.},
	Keywords = {test case!leveque, equation!hyperbolic!transport},
	Number = {2},
	Pages = {627--665},
	Title = {High-resolution conservative algorithms for advection in incompressible flow},
	Url = {http://citeseerx.ist.psu.edu/viewdoc/download?doi=10.1.1.128.6666&rep=rep1&type=pdf},
	Volume = {33},
	Year = {1996},
	Bdsk-Url-1 = {http://citeseerx.ist.psu.edu/viewdoc/download?doi=10.1.1.128.6666&rep=rep1&type=pdf}}
